<record><leader>00000cas a22000007a 4500</leader><controlfield tag="001">34273822</controlfield><controlfield tag="008">960227d19051988vaudr ne      0    0eng d</controlfield><datafield ind1=" " ind2=" " tag="010"><subfield code="a">sn 96096525 </subfield></datafield><datafield ind1=" " ind2=" " tag="040"><subfield code="a">NVK</subfield><subfield code="b">eng</subfield><subfield code="c">NVK</subfield><subfield code="d">OCL</subfield><subfield code="d">OCLCQ</subfield><subfield code="d">OCLCF</subfield><subfield code="d">OCLCO</subfield></datafield><datafield ind1=" " ind2=" " tag="042"><subfield code="a">msc</subfield></datafield><datafield ind1=" " ind2=" " tag="043"><subfield code="a">n-us-va</subfield></datafield><datafield ind1="0" ind2=" " tag="130"><subfield code="a">Daily review (Clifton Forge, Va.)</subfield></datafield><datafield ind1="1" ind2="4" tag="245"><subfield code="a">The Daily review.</subfield></datafield><datafield ind1=" " ind2=" " tag="260"><subfield code="a">Clifton Forge, Va. :</subfield><subfield code="b">Review Print. and Pub. Co.</subfield></datafield><datafield ind1=" " ind2=" " tag="300"><subfield code="a">v.</subfield></datafield><datafield ind1=" " ind2=" " tag="310"><subfield code="a">Daily</subfield></datafield><datafield ind1="1" ind2=" " tag="362"><subfield code="a">Began in 1905.</subfield><subfield code="z">Cf. Cappon, L.J. Va. Newspapers.</subfield></datafield><datafield ind1="0" ind2=" " tag="362"><subfield code="a">-Eighty-fifth year, no. 195 (Dec. 31, 1988).</subfield></datafield><datafield ind1=" " ind2=" " tag="500"><subfield code="a">Editor: George O. Greene, &lt;1905&gt;-&lt;1919&gt;.</subfield></datafield><datafield ind1=" " ind2=" " tag="530"><subfield code="a">Available on microfilm from Bell &amp; Howell, Micro Photo Div.</subfield></datafield><datafield ind1=" " ind2=" " tag="580"><subfield code="a">George O. Green began a semiweekly edition in 1904 and this daily edition in 1905 while still publishing the weekly edition: Clifton Forge review.</subfield></datafield><datafield ind1=" " ind2=" " tag="580"><subfield code="a">On Jan. 1, 1989 the Covington Virginian and Daily review (Clifton Forge, Va.) merged to form the Virginian review. The merger was a result of the sale of the Daily review and the Alleghany highlander to Covington Virginian, Inc.</subfield></datafield><datafield ind1=" " ind2=" " tag="588"><subfield code="a">Description based on: Vol. 1, no. 208 (Feb. 7, 1906).</subfield></datafield><datafield ind1=" " ind2="0" tag="651"><subfield code="a">Clifton Forge (Va.)</subfield><subfield code="v">Newspapers.</subfield></datafield><datafield ind1=" " ind2="7" tag="655"><subfield code="a">Newspapers.</subfield><subfield code="2">fast</subfield><subfield code="0">(OCoLC)fst01423814</subfield></datafield><datafield ind1=" " ind2="7" tag="651"><subfield code="a">Virginia</subfield><subfield code="z">Clifton Forge.</subfield><subfield code="2">fast</subfield><subfield code="0">(OCoLC)fst01222281</subfield></datafield><datafield ind1=" " ind2=" " tag="752"><subfield code="a">United States</subfield><subfield code="b">Virginia</subfield><subfield code="d">Clifton Forge.</subfield></datafield><datafield ind1="1" ind2=" " tag="775"><subfield code="t">Clifton Forge review</subfield><subfield code="w">(DLC)sn 94059337</subfield></datafield><datafield ind1="1" ind2="7" tag="785"><subfield code="t">Covington Virginian</subfield><subfield code="w">(DLC)sn 96096521</subfield></datafield><datafield ind1="1" ind2="7" tag="785"><subfield code="t">Virginian review</subfield><subfield code="w">(DLC)sn 98068098</subfield></datafield></record>